% Encoding: UTF-8

@Article{Harry,
  Title                    = {A COMBINED CORNER AND EDGE DETECTOR},
  Author                   = {Chris Harris & Mike Stephens},
    Booktitle                = {Proc. 4th Alvey Vision Conf.},
  Year                     = {1988}
}

@Article{FLANN,
  Title                    = {FAST APPROXIMATE NEAREST NEIGHBORS WITH AUTOMATIC ALGORITHM CONFIGURATION},
  Author                   = {Marius Muja, David G. Lowe},
  Year                     = {1988}
}

@Article{PTAM,
  Title                    = {Parallel Tracking and Mapping for Small AR Workspaces},
  Author                   = {Georg Klein and David Murray },
  Booktitle                = {ISMAR},
  Year                     = {2007}
}

@Article{scale,
  Title                    = {Scale-Aware Navigation of a Low-Cost Quadrocopter with a Monocular Camera},
  Author                   = {David G. Lowe},
  Year                     = {2013}
}

@Article{Sift,
  Title                    = {Object recognition from local scale-invariant features},
  Author                   = {Jacob Engel, $J\ddot{u}rgen$ Sturm, Daniel Cremers},
  Booktitle                = {Computer Vision, 1999. The Proceedings of the Seventh IEEE International Conference on},
  Year                     = {1999}
}

@Article{Sift,
  Title                    = {Object recognition from local scale-invariant features},
  Author                   = {Jacob Engel, $J\ddot{u}rgen$ Sturm, Daniel Cremers},
  Booktitle                = {Computer Vision, 1999. The Proceedings of the Seventh IEEE International Conference on},
  Year                     = {1999}
}

@Article{Forstner,
  Title                    = {A fast operator for detectionand precise location of distinct points,
corners and circular features},
  Author                   = {Forstner W., Gulch E.},
  Booktitle                = {Proc. Inter. Conference on fast Processing of photogrammetric data. },
  Year                     = {1987}
}

